<collection xmlns="http://www.loc.gov/MARC21/slim">
<record>
  <leader>00930ncm0a22002171i 450 </leader>
  <controlfield tag="001">IT\ICCU\CNCE\036973</controlfield>
  <controlfield tag="005">19990506000000.0</controlfield>
  <datafield tag="100" ind1=" " ind2=" ">
    <subfield code="a">19980610d1592        0itac0103    ba</subfield>
  </datafield>
  <datafield tag="101" ind1=" " ind2=" ">
    <subfield code="a">ITA</subfield>
  </datafield>
  <datafield tag="102" ind1=" " ind2=" ">
    <subfield code="a">IT</subfield>
  </datafield>
  <datafield tag="200" ind1="1" ind2=" ">
    <subfield code="a">℗Il ℗primo libro di madrigali a 4 voci</subfield>
  </datafield>
  <datafield tag="210" ind1=" " ind2=" ">
    <subfield code="a">Palermo</subfield>
    <subfield code="c">Giovanni Antonio De Franceschi</subfield>
    <subfield code="d">1592</subfield>
  </datafield>
  <datafield tag="300" ind1=" " ind2=" ">
    <subfield code="a">RISM: 1, A 1355</subfield>
  </datafield>
  <datafield tag="620" ind1=" " ind2=" ">
    <subfield code="a">IT</subfield>
    <subfield code="d">Palermo</subfield>
  </datafield>
  <datafield tag="700" ind1=" " ind2="1">
    <subfield code="a">Archadelt,</subfield>
    <subfield code="b">Jacques</subfield>
    <subfield code="3">IT\ICCU\CNCA\010277</subfield>
  </datafield>
  <datafield tag="712" ind1="0" ind2="0">
    <subfield code="a">De_Franceschi, Giovanni Antonio</subfield>
    <subfield code="3">IT\ICCU\CNCT\000304</subfield>
    <subfield code="4">650</subfield>
  </datafield>
  <datafield tag="791" ind1="0" ind2="0">
    <subfield code="a">Franceschi, Giovanni Antonio de</subfield>
    <subfield code="3">IT\ICCU\CNCT\004554</subfield>
    <subfield code="z">De_Franceschi, Giovanni Antonio</subfield>
  </datafield>
  <datafield tag="791" ind1="0" ind2="0">
    <subfield code="a">Franciscis, Ioannes Antonius de</subfield>
    <subfield code="3">IT\ICCU\CNCT\004555</subfield>
    <subfield code="z">De_Franceschi, Giovanni Antonio</subfield>
  </datafield>
  <datafield tag="791" ind1="0" ind2="0">
    <subfield code="a">Francisci, Giovanni Antonio de</subfield>
    <subfield code="3">IT\ICCU\CNCT\004557</subfield>
    <subfield code="z">De_Franceschi, Giovanni Antonio</subfield>
  </datafield>
  <datafield tag="791" ind1="0" ind2="0">
    <subfield code="a">Francisco, Giovanni Antonio de</subfield>
    <subfield code="3">IT\ICCU\CNCT\004558</subfield>
    <subfield code="z">De_Franceschi, Giovanni Antonio</subfield>
  </datafield>
  <datafield tag="801" ind1=" " ind2="3">
    <subfield code="a">IT</subfield>
    <subfield code="b">ICCU</subfield>
    <subfield code="c">20201114</subfield>
  </datafield>
</record>
</collection>
